

\begin{thebibliography}{9}

\bibitem{pomodoro}
blablabla

\end{thebibliography}